
@ARTICLE{Vatti_1992,
       author = {{Vatti}, B. R.},
        title = "{A generic solution to polygon clipping}",
      journal = {Comm.\ ACM},
         year = 1992,
       volume = {35},
        pages = {56-63},
}

@ARTICLE{Durech_2023A&A...675A..24D,
       author = {{{\v{D}}urech}, J. and {Hanu{\v{s}}}, J.},
        title = "{Reconstruction of asteroid spin states from Gaia DR3 photometry}",
      journal = {\aap},
     keywords = {minor planets, asteroids: general, methods: data analysis, techniques: photometric, Astrophysics - Earth and Planetary Astrophysics, Astrophysics - Instrumentation and Methods for Astrophysics},
         year = 2023,
        month = jul,
       volume = {675},
          eid = {A24},
        pages = {A24},
          doi = {10.1051/0004-6361/202345889},
archivePrefix = {arXiv},
       eprint = {2305.10798},
 primaryClass = {astro-ph.EP},
       adsurl = {https://ui.adsabs.harvard.edu/abs/2023A&A...675A..24D},
      adsnote = {Provided by the SAO/NASA Astrophysics Data System}
}

@ARTICLE{Mommert_2019JOSS....4.1426M,
       author = {{Mommert}, Michael and {Kelley}, Michael and {de Val-Borro}, Miguel and {Li}, Jian-Yang and {Guzman}, Giannina and {Sip{\H{o}}cz}, Brigitta and {{\v{D}}urech}, Josef and {Granvik}, Mikael and {Grundy}, Will and {Moskovitz}, Nick and {Penttil{\"a}}, Antti and {Samarasinha}, Nalin},
        title = "{sbpy: A Python module for small-body planetary astronomy}",
      journal = {The Journal of Open Source Software},
     keywords = {comets, kuiper belt objects, Python, trans-neptunian objects, centaurs, planetary science, python, solar system, asteroids, meteoroids, trojans, astronomy, small bodies},
         year = 2019,
        month = aug,
       volume = {4},
       number = {38},
          eid = {1426},
        pages = {1426},
          doi = {10.21105/joss.01426},
       adsurl = {https://ui.adsabs.harvard.edu/abs/2019JOSS....4.1426M},
      adsnote = {Provided by the SAO/NASA Astrophysics Data System}
}

@ARTICLE{Broz_2023A&A...676A..60B,
       author = {{Bro{\v{z}}}, M. and {{\v{D}}urech}, J. and {Ferrais}, M. and {Lee}, H. -J. and {Kim}, M. -J. and {Roh}, D. -G. and {Yim}, H. -S. and {Jehin}, E. and {Burdanov}, A. and {de Wit}, J. and {Fatka}, P. and {Hanu{\v{s}}}, J. and {Carry}, B.},
        title = "{2021 occultations and transits of Linus orbiting (22) Kalliope. I. Polygonal and cliptracing algorithms}",
      journal = {\aap},
     keywords = {minor planets, asteroids: individual: (22) Kalliope, planets and satellites: individual: Linus, celestial mechanics, methods: numerical, Astrophysics - Earth and Planetary Astrophysics, Astrophysics - Instrumentation and Methods for Astrophysics},
         year = 2023,
        month = aug,
       volume = {676},
          eid = {A60},
        pages = {A60},
          doi = {10.1051/0004-6361/202346326},
archivePrefix = {arXiv},
       eprint = {2306.04768},
 primaryClass = {astro-ph.EP},
       adsurl = {https://ui.adsabs.harvard.edu/abs/2023A&A...676A..60B},
      adsnote = {Provided by the SAO/NASA Astrophysics Data System}
}

@ARTICLE{Vernazza_2021A&A...654A..56V,
       author = {{Vernazza}, P. and {Ferrais}, M. and {Jorda}, L. and {Hanu{\v{s}}}, J. and {Carry}, B. and {Marsset}, M. and {Bro{\v{z}}}, M. and {Fetick}, R. and {Viikinkoski}, M. and {Marchis}, F. and {Vachier}, F. and {Drouard}, A. and {Fusco}, T. and {Birlan}, M. and {Podlewska-Gaca}, E. and {Rambaux}, N. and {Neveu}, M. and {Bartczak}, P. and {Dudzi{\'n}ski}, G. and {Jehin}, E. and {Beck}, P. and {Berthier}, J. and {Castillo-Rogez}, J. and {Cipriani}, F. and {Colas}, F. and {Dumas}, C. and {{\v{D}}urech}, J. and {Grice}, J. and {Kaasalainen}, M. and {Kryszczynska}, A. and {Lamy}, P. and {Le Coroller}, H. and {Marciniak}, A. and {Michalowski}, T. and {Michel}, P. and {Santana-Ros}, T. and {Tanga}, P. and {Vigan}, A. and {Witasse}, O. and {Yang}, B. and {Antonini}, P. and {Audejean}, M. and {Aurard}, P. and {Behrend}, R. and {Benkhaldoun}, Z. and {Bosch}, J.~M. and {Chapman}, A. and {Dalmon}, L. and {Fauvaud}, S. and {Hamanowa}, Hiroko and {Hamanowa}, Hiromi and {His}, J. and {Jones}, A. and {Kim}, D. -H. and {Kim}, M. -J. and {Krajewski}, J. and {Labrevoir}, O. and {Leroy}, A. and {Livet}, F. and {Molina}, D. and {Montaigut}, R. and {Oey}, J. and {Payre}, N. and {Reddy}, V. and {Sabin}, P. and {Sanchez}, A.~G. and {Socha}, L.},
        title = "{VLT/SPHERE imaging survey of the largest main-belt asteroids: Final results and synthesis}",
      journal = {\aap},
     keywords = {minor planets, asteroids: general, methods: observational, techniques: high angular resolution},
         year = 2021,
        month = oct,
       volume = {654},
          eid = {A56},
        pages = {A56},
          doi = {10.1051/0004-6361/202141781},
       adsurl = {https://ui.adsabs.harvard.edu/abs/2021A&A...654A..56V},
      adsnote = {Provided by the SAO/NASA Astrophysics Data System}
}

@ARTICLE{Warner_2009Icar..202..134W,
       author = {{Warner}, B. D. and {Harris}, A. W. and {Pravec}, P.},
        title = "{The asteroid lightcurve database}",
      journal = {\icarus},
     keywords = {Earth Science},
         year = 2009,
        month = jul,
       volume = {202},
       number = {1},
        pages = {134-146},
          doi = {10.1016/j.icarus.2009.02.003},
       adsurl = {https://ui.adsabs.harvard.edu/abs/2009Icar..202..134W},
      adsnote = {Provided by the SAO/NASA Astrophysics Data System}
}

@ARTICLE{Cheng_2018P&SS..157..104C,
       author = {{Cheng}, A. F. and {Rivkin}, A. S. and {Michel}, P. and {Atchison}, J. and {Barnouin}, O. and {Benner}, L. and {Chabot}, N. L. and {Ernst}, C. and {Fahnestock}, E. G. and {Kueppers}, M. and {Pravec}, P. and {Rainey}, E. and {Richardson}, D. C. and {Stickle}, A. M. and {Thomas}, C.},
        title = "{AIDA DART asteroid deflection test: Planetary defense and science objectives}",
      journal = {\planss},
     keywords = {Planetary defense, Asteroid impact hazards, Kinetic impactor, Binary asteroids, Hypervelocity cratering, Momentum transfer efficiency},
         year = 2018,
        month = aug,
       volume = {157},
        pages = {104-115},
          doi = {10.1016/j.pss.2018.02.015},
       adsurl = {https://ui.adsabs.harvard.edu/abs/2018P&SS..157..104C},
      adsnote = {Provided by the SAO/NASA Astrophysics Data System}
}

@ARTICLE{mpc,
        title = "{Minor Planet Center}",
      journal = {\url{https://www.minorplanetcenter.net/iau/mpc.html}},
         year = 2023,
}

@ARTICLE{python,
        title = "{Python}",
      journal = {\url{https://python.org/}},
         year = 2023,
}

@ARTICLE{vispy,
        title = "{VisPy}",
      journal = {\url{https://vispy.org/}},
         year = 2023,
}

@ARTICLE{numpy,
        title = "{NumPy}",
      journal = {\url{https://numpy.org/}},
         year = 2023,
}

@ARTICLE{jpl_horizons,
        title = "{JPL Horizons}",
      journal = {\url{https://ssd.jpl.nasa.gov/horizons/}},
         year = 2024,
}

@BOOK{Broz_2013,
       author = {{Bro\v{z}}, M. and {\v{S}olc}, M.},
        title = "{Fyzika slune\v{c}n\'i soustavy}",
         year = 2013,
    publisher = {Matfyzpress},
} 

@BOOK{Rektorys_2009,
       author = {{Rektorys}, K.},
        title = "{Přehled užité matematiky 1}",
         year = 2009,
    publisher = {Prometheus},
}  

@ARTICLE{Viikinkoski_2017A&A...607A.117V,
       author = {{Viikinkoski}, M. and {Hanu{\v{s}}}, J. and {Kaasalainen}, M. and {Marchis}, F. and {{\v{D}}urech}, J.},
        title = "{Adaptive optics and lightcurve data of asteroids: twenty shape models and information content analysis}",
      journal = {\aap},
     keywords = {methods: numerical, methods: analytical, minor planets, asteroids: general, techniques: photometric, instrumentation: adaptive optics, Astrophysics - Earth and Planetary Astrophysics},
         year = 2017,
        month = nov,
       volume = {607},
          eid = {A117},
        pages = {A117},
          doi = {10.1051/0004-6361/201731456},
archivePrefix = {arXiv},
       eprint = {1708.05191},
 primaryClass = {astro-ph.EP},
       adsurl = {https://ui.adsabs.harvard.edu/abs/2017A&A...607A.117V},
      adsnote = {Provided by the SAO/NASA Astrophysics Data System}
}

@ARTICLE{Hapke_1984Icar...59...41H,
       author = {{Hapke}, B.},
        title = "{Bidirectional reflectance spectroscopy  3. Correction for macroscopic roughness}",
      journal = {\icarus},
     keywords = {Astronomical Photometry, Bidirectional Reflectance, Optical Correction Procedure, Planetary Surfaces, Spectral Reflectance, Surface Roughness Effects, Albedo, Brightness Distribution, Astronomy, Earth Science},
         year = 1984,
        month = jul,
       volume = {59},
       number = {1},
        pages = {41-59},
          doi = {10.1016/0019-1035(84)90054-X},
       adsurl = {https://ui.adsabs.harvard.edu/abs/1984Icar...59...41H},
      adsnote = {Provided by the SAO/NASA Astrophysics Data System}
}

@PHDTHESIS{Spjuth_2009PhDT.......588S,
       author = {{Spjuth}, S.},
        title = "{Disk-resolved photometry of small bodies}",
       school = {Technical University of Braunschweig, Germany},
         year = 2009,
        month = jan,
       adsurl = {https://ui.adsabs.harvard.edu/abs/2009PhDT.......588S},
      adsnote = {Provided by the SAO/NASA Astrophysics Data System}
}

@ARTICLE{Ferrais_2022A&A...662A..71F,
       author = {{Ferrais}, M. and {Jorda}, L. and {Vernazza}, P. and {Carry}, B. and {Bro{\v{z}}}, M. and {Rambaux}, N. and {Hanu{\v{s}}}, J. and {Dudzi{\'n}ski}, G. and {Bartczak}, P. and {Vachier}, F. and {Aristidi}, E. and {Beck}, P. and {Marchis}, F. and {Marsset}, M. and {Viikinkoski}, M. and {Fetick}, R. and {Drouard}, A. and {Fusco}, T. and {Birlan}, M. and {Podlewska-Gaca}, E. and {Burbine}, T.~H. and {Dyar}, M.~D. and {Bendjoya}, P. and {Benkhaldoun}, Z. and {Berthier}, J. and {Castillo-Rogez}, J. and {Cipriani}, F. and {Colas}, F. and {Dumas}, C. and {{\v{D}}urech}, J. and {Fauvaud}, S. and {Grice}, J. and {Jehin}, E. and {Kaasalainen}, M. and {Kryszczynska}, A. and {Lamy}, P. and {Le Coroller}, H. and {Marciniak}, A. and {Michalowski}, T. and {Michel}, P. and {Prieur}, J. -L. and {Reddy}, V. and {Rivet}, J. -P. and {Santana-Ros}, T. and {Scardia}, M. and {Tanga}, P. and {Vigan}, A. and {Witasse}, O. and {Yang}, B.},
        title = "{M-type (22) Kalliope: A tiny Mercury}",
      journal = {\aap},
     keywords = {minor planets, asteroids: individual: (22) Kalliope, methods: observational, techniques: high angular resolution},
         year = 2022,
        month = jun,
       volume = {662},
          eid = {A71},
        pages = {A71},
          doi = {10.1051/0004-6361/202243200},
       adsurl = {https://ui.adsabs.harvard.edu/abs/2022A&A...662A..71F},
      adsnote = {Provided by the SAO/NASA Astrophysics Data System}
}

@ARTICLE{Marchis_2021A&A...653A..57M,
       author = {{Marchis}, F. and {Jorda}, L. and {Vernazza}, P. and {Bro{\v{z}}}, M. and {Hanu{\v{s}}}, J. and {Ferrais}, M. and {Vachier}, F. and {Rambaux}, N. and {Marsset}, M. and {Viikinkoski}, M. and {Jehin}, E. and {Benseguane}, S. and {Podlewska-Gaca}, E. and {Carry}, B. and {Drouard}, A. and {Fauvaud}, S. and {Birlan}, M. and {Berthier}, J. and {Bartczak}, P. and {Dumas}, C. and {Dudzi{\'n}ski}, G. and {{\v{D}}urech}, J. and {Castillo-Rogez}, J. and {Cipriani}, F. and {Colas}, F. and {Fetick}, R. and {Fusco}, T. and {Grice}, J. and {Kryszczynska}, A. and {Lamy}, P. and {Marciniak}, A. and {Michalowski}, T. and {Michel}, P. and {Pajuelo}, M. and {Santana-Ros}, T. and {Tanga}, P. and {Vigan}, A. and {Witasse}, O. and {Yang}, B.},
        title = "{(216) Kleopatra, a low density critically rotating M-type asteroid}",
      journal = {\aap},
     keywords = {techniques: high angular resolution, minor planets, asteroids: individual: 216 Kleopatra, Astrophysics - Earth and Planetary Astrophysics},
         year = 2021,
        month = sep,
       volume = {653},
          eid = {A57},
        pages = {A57},
          doi = {10.1051/0004-6361/202140874},
archivePrefix = {arXiv},
       eprint = {2108.07207},
 primaryClass = {astro-ph.EP},
       adsurl = {https://ui.adsabs.harvard.edu/abs/2021A&A...653A..57M},
      adsnote = {Provided by the SAO/NASA Astrophysics Data System}
}

@ARTICLE{Broz_2021A&A...653A..56B,
       author = {{Bro{\v{z}}}, M. and {Marchis}, F. and {Jorda}, L. and {Hanu{\v{s}}}, J. and {Vernazza}, P. and {Ferrais}, M. and {Vachier}, F. and {Rambaux}, N. and {Marsset}, M. and {Viikinkoski}, M. and {Jehin}, E. and {Benseguane}, S. and {Podlewska-Gaca}, E. and {Carry}, B. and {Drouard}, A. and {Fauvaud}, S. and {Birlan}, M. and {Berthier}, J. and {Bartczak}, P. and {Dumas}, C. and {Dudzi{\'n}ski}, G. and {{\v{D}}urech}, J. and {Castillo-Rogez}, J. and {Cipriani}, F. and {Colas}, F. and {Fetick}, R. and {Fusco}, T. and {Grice}, J. and {Kryszczynska}, A. and {Lamy}, P. and {Marciniak}, A. and {Michalowski}, T. and {Michel}, P. and {Pajuelo}, M. and {Santana-Ros}, T. and {Tanga}, P. and {Vigan}, A. and {Vokrouhlick{\'y}}, D. and {Witasse}, O. and {Yang}, B.},
        title = "{An advanced multipole model for (216) Kleopatra triple system}",
      journal = {\aap},
     keywords = {minor planets, asteroids: individual: (216) Kleopatra, planets and satellites: fundamental parameters, astrometry, celestial mechanics, methods: numerical, Astrophysics - Earth and Planetary Astrophysics},
         year = 2021,
        month = sep,
       volume = {653},
          eid = {A56},
        pages = {A56},
          doi = {10.1051/0004-6361/202140901},
archivePrefix = {arXiv},
       eprint = {2105.09134},
 primaryClass = {astro-ph.EP},
       adsurl = {https://ui.adsabs.harvard.edu/abs/2021A&A...653A..56B},
      adsnote = {Provided by the SAO/NASA Astrophysics Data System}
}

@ARTICLE{Lauretta_2019Sci...366.3544L,
       author = {{Lauretta}, D.~S. and {Hergenrother}, C.~W. and {Chesley}, S.~R. and {Leonard}, J.~M. and {Pelgrift}, J.~Y. and {Adam}, C.~D. and {Al Asad}, M. and {Antreasian}, P.~G. and {Ballouz}, R. -L. and {Becker}, K.~J. and {Bennett}, C.~A. and {Bos}, B.~J. and {Bottke}, W.~F. and {Brozovi{\'c}}, M. and {Campins}, H. and {Connolly}, H.~C. and {Daly}, M.~G. and {Davis}, A.~B. and {de Le{\'o}n}, J. and {DellaGiustina}, D.~N. and {Drouet d'Aubigny}, C.~Y. and {Dworkin}, J.~P. and {Emery}, J.~P. and {Farnocchia}, D. and {Glavin}, D.~P. and {Golish}, D.~R. and {Hartzell}, C.~M. and {Jacobson}, R.~A. and {Jawin}, E.~R. and {Jenniskens}, P. and {Kidd}, J.~N. and {Lessac-Chenen}, E.~J. and {Li}, J. -Y. and {Libourel}, G. and {Licandro}, J. and {Liounis}, A.~J. and {Maleszewski}, C.~K. and {Manzoni}, C. and {May}, B. and {McCarthy}, L.~K. and {McMahon}, J.~W. and {Michel}, P. and {Molaro}, J.~L. and {Moreau}, M.~C. and {Nelson}, D.~S. and {Owen}, W.~M. and {Rizk}, B. and {Roper}, H.~L. and {Rozitis}, B. and {Sahr}, E.~M. and {Scheeres}, D.~J. and {Seabrook}, J.~A. and {Selznick}, S.~H. and {Takahashi}, Y. and {Thuillet}, F. and {Tricarico}, P. and {Vokrouhlick{\'y}}, D. and {Wolner}, C.~W.~V.},
        title = "{Episodes of particle ejection from the surface of the active asteroid (101955) Bennu}",
      journal = {Science},
     keywords = {ASTRONOMY, PLANET SCI, ONLINE},
         year = 2019,
        month = dec,
       volume = {366},
       number = {6470},
          eid = {eaay3544},
        pages = {eaay3544},
          doi = {10.1126/science.aay3544},
       adsurl = {https://ui.adsabs.harvard.edu/abs/2019Sci...366.3544L},
      adsnote = {Provided by the SAO/NASA Astrophysics Data System}
}

@ARTICLE{Lauretta_2022Sci...377..285L,
       author = {{Lauretta}, D.~S. and {Adam}, C.~D. and {Allen}, A.~J. and {Ballouz}, R. -L. and {Barnouin}, O.~S. and {Becker}, K.~J. and {Becker}, T. and {Bennett}, C.~A. and {Bierhaus}, E.~B. and {Bos}, B.~J. and {Burns}, R.~D. and {Campins}, H. and {Cho}, Y. and {Christensen}, P.~R. and {Church}, E.~C.~A. and {Clark}, B.~E. and {Connolly}, H.~C. and {Daly}, M.~G. and {DellaGiustina}, D.~N. and {Drouet d{\textquoteright}Aubigny}, C.~Y. and {Emery}, J.~P. and {Enos}, H.~L. and {Kasper}, S. Freund and {Garvin}, J.~B. and {Getzandanner}, K. and {Golish}, D.~R. and {Hamilton}, V.~E. and {Hergenrother}, C.~W. and {Kaplan}, H.~H. and {Keller}, L.~P. and {Lessac-Chenen}, E.~J. and {Liounis}, A.~J. and {Ma}, H. and {McCarthy}, L.~K. and {Miller}, B.~D. and {Moreau}, M.~C. and {Morota}, T. and {Nelson}, D.~S. and {Nolau}, J.~O. and {Olds}, R. and {Pajola}, M. and {Pelgrift}, J.~Y. and {Polit}, A.~T. and {Ravine}, M.~A. and {Reuter}, D.~C. and {Rizk}, B. and {Rozitis}, B. and {Ryan}, A.~J. and {Sahr}, E.~M. and {Sakatani}, N. and {Seabrook}, J.~A. and {Selznick}, S.~H. and {Skeen}, M.~A. and {Simon}, A.~A. and {Sugita}, S. and {Walsh}, K.~J. and {Westermann}, M.~M. and {Wolner}, C.~W.~V. and {Yumoto}, K.},
        title = "{Spacecraft sample collection and subsurface excavation of asteroid (101955) Bennu}",
      journal = {Science},
     keywords = {ENGINEERING; PLANET SCI},
         year = 2022,
        month = jul,
       volume = {377},
       number = {6603},
        pages = {285-291},
          doi = {10.1126/science.abm1018},
       adsurl = {https://ui.adsabs.harvard.edu/abs/2022Sci...377..285L},
      adsnote = {Provided by the SAO/NASA Astrophysics Data System}
}






